@misc{feelpp,
	author = {Feel++ Consortium},
	title = {Feel++ - Finite Element Embedded Library in C++},
	date = {2015-Dec-08},
	note = {\url{http://www.feelpp.org}}
}

@inproceedings{prud2012feel++,
	title={Feel++: A computational framework for galerkin methods and advanced numerical methods},
	author={Prudâ€™Homme, Christophe and Chabannes, Vincent and Doyeux, Vincent and Ismail, Mourad and Samak{\'e}, Abdoulaye and Pena, Gon{\c{c}}alo},
	booktitle={ESAIM: Proceedings},
	volume={38},
	pages={429--455},
	year={2012},
	organization={EDP Sciences}
}

@misc{oofem,
	author={Patz{\'{a}}k, Bo{\v{r}}ek},
	title={OOFEM project home page},
	note={\url{http://www.oofem.org}},
	year={2009}
}

@misc{libmeshMailList,
	author={Herb, Stephan and Peterson, John and Andrej, Julian and Cervone, Antonio and Stogner, Roy},
	title={},
	note={\url{http://sourceforge.net/p/libmesh/mailman/libmesh-users/thread/55F6976D.8040004%40stud.uni-stuttgart.de/#msg34457298}},
	year={2014-Sep-14}
}

@misc{oofemPubs,
	author = {Patz{\'{a}}k, Bo{\v{r}}ek},
	title={publications [OOFEM wiki]},
	note={\url{http://www.oofem.org/wiki/doku.php?id=publications}},
	date={2015-Dec-08}
}

@article{patzak2001design,
	title={Design of object oriented finite element code},
	author={Patz{\'a}k, B. and Bittnar, Z.},
	journal={Advances in Engineering Software},
	volume={32},
	number={10},
	pages={759--767},
	year={2001},
	publisher={Elsevier}
}

@misc{getfempp,
	author = {Pommier, Julien and Renard, Yves},
	title={GetFEM++ - An open source library based on collaborative development},
	note={\url{http://download.gna.org/getfem/html/homepage/index.html}},
	date={2015-Dec-08}
}

@misc{getfemppMPI,
	author = {Saavedra, Luis and Pommier, Julien and Renard, Yves},
	title={MPI Parallelization of GetFEM++ - GetFEM++},
	note={\url{http://download.gna.org/getfem/html/homepage/userdoc/parallel.html}},
	date={2015-Dec-08}
}

@misc{icetools,
	author = {Jarosch, Alexander H.},
	title={icetools: a numerical ice flow model download},
	note={\url{http://sourceforge.net/projects/icetools/}},
	date={2015-Dec-08}
}

@misc{echempp,
	author = {Bogdan, Martin and Ludwig, Kai and Sapozhnikova, Elena and Speiser, Bernd},
	title={EChem++ - A Problem Solving Environment for Electrochemistry},
	note={\url{http://www.echem.uni-tuebingen.de/echem/software/EChem++/echem++.shtml/}},
	date={2015-Dec-08}
}

@misc{simnibs,
	author = {Thielscher, Axel},
	title={free software package for the Simulation of Non-invasive Brain Stimulation},
	note={\url{http://simnibs.de/}},
	date={2015-Dec-08}
}

@misc{mfem,
	title={{MFEM}: Modular finite element methods},
	key={{MFEM}: Modular Finite Element Methods},
	howpublished={\url{http://www.mfem.org}}
}

@misc{mfemPubs,
	title={{MFEM} -- Publications},
	key={{MFEM} Publications},
	note={\url{http://mfem.org/publications/}},
	date={2015-Dec-08}
}

@article{kirk2006libmesh,
	author = {B.~S.~Kirk and J.~W.~Peterson and R.~H.~Stogner and G.~F.~Carey},
	title = {{\texttt{libMesh}: A C++ Library for Parallel Adaptive Mesh Refinement/Coarsening Simulations}},
	journal = {Engineering with Computers},
	volume = {22},
	number = {3--4},
	pages = {237--254},
	year = {2006},
	note = {\url{http://dx.doi.org/10.1007/s00366-006-0049-3}}
}

@phdthesis{kirk2007adaptive,
	author = {Kirk, Benjamin Shelton},
	title = {Adaptive Finite Element Simulation of Flow and Transport Applications on Parallel Computers},
	year = {2007},
	isbn = {978-0-549-26679-2},
	publisher = {University of Texas at Austin},
	address = {Austin, TX, USA},
}

@article{karypis1998fast,
	title={A fast and high quality multilevel scheme for partitioning irregular graphs},
	author={Karypis, George and Kumar, Vipin},
	journal={SIAM Journal on scientific Computing},
	volume={20},
	number={1},
	pages={359--392},
	year={1998},
	publisher={SIAM}
}

@Misc{petsc-web-page,
	author = {Satish Balay and Shrirang Abhyankar and Mark~F. Adams and Jed Brown and Peter Brune
	and Kris Buschelman and Lisandro Dalcin and Victor Eijkhout and William~D. Gropp
	and Dinesh Kaushik and Matthew~G. Knepley
	and Lois Curfman McInnes and Karl Rupp and Barry~F. Smith
	and Stefano Zampini and Hong Zhang},
	title =  {{PETS}c {W}eb page},
	url =    {http://www.mcs.anl.gov/petsc},
	howpublished = {\url{http://www.mcs.anl.gov/petsc}},
	year = {2015}
}

@article{ahrens2005paraview,
	title={ParaView: An End-User Tool for Large-Data Visualization},
	author={Ahrens, James and Geveci, Berk and Law, Charles},
	journal={The Visualization Handbook},
	pages={717},
	year={2005},
	publisher={Elsevier}
}

@misc{laspack2015url,
	title={{LAS}pack Download page},
	key={{LAS}pack Download page},
	note={\url{http://www.netlib.org/linalg/}},
	date={2015-Dec-08}
}

@misc{gmsh-manual,
	title={GMSH Manual},
	key={GMSH Manual},
	note={\url{http://geuz.org/gmsh/doc/texinfo/gmsh.html}},
	date={2015-Dec-08}
}

@misc{libmeshPubs,
	title={libMesh Publications Listing},
	key={libMesh Publications},
	note={\url{http://libmesh.github.io/publications.html}},
	date={2015-Dec-08}
}

@inproceedings{kirk2013case,
	author = {B.~S.~Kirk and J.~W.~Peterson and R.~H.~Stogner},
	title = {The {libMesh} finite element library: {A} case for object-oriented high-performance computing},
	booktitle = {{PRACE Summer School 2013 - Frameworks for Scientific Computing on Supercomputers; Ostrava, Czech Republic}},
	month = jun # {~17--21,},
	year = {2013},
	note = {\url{http://ntrs.nasa.gov/search.jsp?R=20130013759}}
}

@book{zhu2005fem,
	title={The finite element method: its basis and fundamentals},
	author={Zhu, J and Taylor, ZRL and Zienkiewicz, OC},
	year={2005},
	publisher={Butterworth-Heinemann}
}

@book{zienkiewicz1977fem,
	title={The finite element method},
	author={Zienkiewicz, Olgierd Cecil and Taylor, Robert Leroy and Zienkiewicz, Olgierd Cecil and Taylor, Robert Lee},
	volume={3},
	year={1977},
	publisher={McGraw-hill London}
}

@book{steinke2005finite,
	title={Finite-Elemente-Methode: Rechnergest{\"u}tzte Einf{\"u}hrung},
	author={Steinke, Peter},
	year={2015},
	publisher={Springer-Verlag}
}

@article{specht1988modified,
	title={Modified shape functions for the three-node plate bending element passing the patch test},
	author={Specht, Bernhard},
	journal={International Journal for Numerical Methods in Engineering},
	volume={26},
	number={3},
	pages={705--715},
	year={1988},
	publisher={Wiley Online Library}
}

@book{cook2002concepts,
	title={Concepts and Applications of Finite Element Analysis},
	author={Cook, Robert D. and Malkus, David S. and Plesha, Michael E. and Witt, Robert J.},
	year={2002},
	publisher={J. Wiley}
}

@article{nikishkov2004intro,
	title={Introduction to the Finite Element Method},
	author={Nikishkov, GP},
	journal={University of Aizu},
	year={2004}
}

@article{batoz1982evaluation,
	title={Evaluation of a new quadrilateral thin plate bending element},
	author={Batoz, Jean-Louis and Tahar, Mabrouk Ben},
	journal={International Journal for Numerical Methods in Engineering},
	volume={18},
	number={11},
	pages={1655--1677},
	year={1982},
	publisher={Wiley Online Library}
}

@article{batoz1980study,
	title={A study of three-node triangular plate bending elements},
	author={Batoz, Jean-Louis and Bathe, Klaus-J{\"U}Rgen and Ho, Lee-Wing},
	journal={International Journal for Numerical Methods in Engineering},
	volume={15},
	number={12},
	pages={1771--1812},
	year={1980},
	publisher={Wiley Online Library}
}

@phdthesis{tocher1963analysis,
	title={Analysis of plate bending using triangular elements},
	author={Tocher, James Lionel},
	year={1963},
	school={University of California, Berkeley}
}

@book{zienkiewicz2000finite,
	title={The finite element method: Solid mechanics},
	author={Zienkiewicz, Olgierd Cecil and Taylor, Robert Leroy},
	volume={2},
	year={2000},
	publisher={Butterworth-heinemann}
}

@article{nguyen2008smoothed,
	title={A smoothed finite element method for shell analysis},
	author={Nguyen-Thanh, N and Rabczuk, Timon and Nguyen-Xuan, H and Bordas, St{\'e}phane PA},
	journal={Computer Methods in Applied Mechanics and Engineering},
	volume={198},
	number={2},
	pages={165--177},
	year={2008},
	publisher={Elsevier}
}

@book{klein2013fem,
	title={{FEM}: Grundlagen und Anwendungen der Finite-Elemente-Methode},
	author={Klein, Bernd},
	year={2013},
	publisher={Springer-Verlag}
}

@book{werkle1995finite,
	title={Finite Elemente in der Baustatik},
	author={Werkle, Horst},
	year={1995},
	publisher={Springer}
}

@TechReport{petsc-user-ref,
	author = {Balay, Satish and Abhyankar, Shrirang and Adams, Mark F. and Brown, Jed and Brune, Peter and Buschelman, Kris and Dalcin, Lisandro and Eijkhout, Victor and Gropp, William D. and Kaushik, Dinesh and Knepley, Matthew G. and Curfman McInnes, Lois and Rupp, Karl and Smith, Barry F. and Zampini, Stefano and Zhang, Hong},
	title = {{PETS}c Users Manual},
	number = {ANL-95/11 - Revision 3.6},
	institution = {Argonne National Laboratory},
	year = {2015}
}

@article{bergan1985triangular,
	title={A triangular membrane element with rotational degrees of freedom},
	author={Bergan, PG and Felippa, CA},
	journal={Computer Methods in Applied Mechanics and Engineering},
	volume={50},
	number={1},
	pages={25--69},
	year={1985},
	publisher={Elsevier}
}

@book{braess2007finite,
  title={Finite elements: Theory, fast solvers, and applications in solid mechanics},
  author={Braess, Dietrich},
  year={2007},
  publisher={Cambridge University Press}
}

@phdthesis{kansara2004development,
  title={Development of Membrane, Plate and Flat Shell Elements in Java},
  author={Kansara, Kaushalkumar},
  year={2004},
  school={Virginia Tech}
}

@book{gatzhammer2015efficient,
	title={Efficient and flexible partitioned simulation of fluid-structure interactions},
	author={Gatzhammer, Bernhard},
	year={2015},
	publisher={Verlag Dr. Hut}
}

@book{wilson1996three,
	title={Three-dimensional static and dynamic analysis of structures},
	author={Wilson, Edward L},
	publisher={Computers and Structures Inc., Berkeley, California},
	year={1996}
}

@phdthesis{jin1994analysis,
	title={Analysis and evaluation of a shell finite element with drilling degree of freedom},
	author={Jin, Lanheng},
	year={1994}
}

@manual{sap-2000,
	title={{SAP}2000 -- Integrated Finite Element Analysis and Design of Structures},
	year={2000},
	key={{SAP}2000},
	url={\url{http://www.csiamerica.com/products/sap2000}},
	publisher={Computers and Structures Inc., Berkeley, California}
}

@article{macneal1985proposed,
	title={A proposed standard set of problems to test finite element accuracy},
	author={Macneal, Richard H and Harder, Robert L},
	journal={Finite elements in Analysis and Design},
	volume={1},
	number={1},
	pages={3--20},
	year={1985},
	publisher={Elsevier}
}

@article{link20092d,
	title={A 2d Finite-Element Scheme for Fluid--Solid--Acoustic Interactions and its Application to Human Phonation},
	author={Link, Gerhard and Kaltenbacher, M and Breuer, Michael and D{\"o}llinger, M},
	journal={Computer Methods in Applied Mechanics and Engineering},
	volume={198},
	number={41},
	pages={3321--3334},
	year={2009},
	publisher={Elsevier}
}

@article{schafer2010fluid,
	title={Fluid-structure-acoustic interaction of the flow past a thin flexible structure},
	author={Sch{\"a}fer, Frank and M{\"u}ller, Stefan and Uffinger, Thomas and Becker, Stefan and Grabinger, Jens and Kaltenbacher, Manfred},
	journal={AIAA journal},
	volume={48},
	number={4},
	pages={738--748},
	year={2010}
}

@incollection{lohner2006extending,
	title={Extending the range and applicability of the loose coupling approach for FSI simulations},
	author={L{\"o}hner, Rainald and Cebral, Juan R and Yang, Chi and Baum, Joseph D and Mestreau, Eric L and Soto, Orlando},
	booktitle={Fluid-structure interaction},
	pages={82--100},
	year={2006},
	publisher={Springer}
}

@misc{eigen-url,
	title={Eigen -- A C++ template library for linear algebra: matrices, vectors, numerical solvers, and related algorithms},
	key={Eigen},
	note={\url{http://eigen.tuxfamily.org}},
	date={2015-Dec-08}
}


@misc{foamextend-url,
	title={The OpenFOAM Extend Project},
	key={FOAM-extend Project},
	note={\url{http://www.extend-project.de/}},
	date={2015-Dec-08}
}

@unpublished{bungartz2015fully,
	title={pre{CICE} - A Fully Parallel Library for Multi-Physics Surface Coupling},
	author={Bungartz, Hans-Joachim and Lindner, Florian and Gatzhammer, Bernhard and Mehl, Miriam and Scheufele, Klaudius and Shukaev, Alexander and Ueckermann, Benjamin},
	date={2015},
}

@article{blom2015multi,
	title={Multi-level acceleration with manifold mapping of strongly coupled partitioned fluid--structure interaction},
	author={Blom, DS and van Zuijlen, AH and Bijl, H},
	journal={Computer Methods in Applied Mechanics and Engineering},
	volume={296},
	pages={211--231},
	year={2015},
	publisher={Elsevier}
}